<?xml version="1.0" encoding="UTF-8"?><collection xmlns="http://www.loc.gov/MARC21/slim"><record><leader>00386nam--2200133-i-4500</leader><controlfield tag="001">000041534</controlfield><controlfield tag="002">20161230</controlfield><controlfield tag="005">20161230201043</controlfield><controlfield tag="008">060222s1000------------r-----000-0-eng-d</controlfield><datafield ind1=" " ind2=" " tag="080"><subfield code="a">621.38.049.7</subfield></datafield><datafield ind1=" " ind2=" " tag="100"><subfield code="a">Sideris,George</subfield></datafield><datafield ind1=" " ind2=" " tag="245"><subfield code="a">Microelectronics packing. interconnection and assembly or integrated circuits</subfield></datafield><datafield ind1=" " ind2=" " tag="260"><subfield code="a">New York, Mcgraw-hill Book Co.,1968. X+299 P</subfield></datafield><datafield ind1=" " ind2=" " tag="852"><subfield code="a">28968</subfield></datafield></record></collection>